@article{MartinDSP00,
     author = "A. Martin and M. Przybocki",
     title = "The {NIST} 1999 speaker recognition evaluation --- an overview",

     journal = "Digital Signal Processing",
     volume = "10",
     pages = "1--18",
     year = "2000"}







