%---------------------------------------------------------------------------%
%-                                                                         -%
%-                             Bibliography                                -%
%-                                                                         -%
%---------------------------------------------------------------------------%
@book{chu2004tushu,
    title={图书馆数字参考咨询服务研究},
    author={初景利},
    key={Chu Jing Li},
    year={2004},
    address={北京},
    publisher={北京图书馆出版社}

